@article{article,
author = {Ball, Philip},
year = {2008},
month = {05},
pages = {},
title = {Why we should love logarithms},
journal = {Nature},
doi = {10.1038/news.2008.866}
}

@Book{berezovski2010an,
 author = {Berezovski, Tetyana},
 title = {An Inquiry into High School Students' Understanding of Logarithms},
 publisher = {VDM Verlag Dr. Müller},
 year = {2010},
 address = {Saarbrücken},
 isbn = {978-3639052411}
 }