@book{carmo1992,
	author = {Manfredo Perdigão do Carmo and Augusto César Morgado and Eduardo Wagner},
	title = {Trigonometria e Números complexos},
	series = {Coleção do Professor de Matemática},
	publisher = {SBM},
	year = {1992},
	address = {Rio de Janeiro, Brasil}
}

@Book{Douglas2001,
 author = {Downing, Douglas},
 title = {Trigonometry, the easy way},
 publisher = {Barron's},
 year = {2001},
 address = {Nova Iorque, Estados Unidos},
 }

 @book{Eves1995,
  title={College Geometry},
  author={Howard Whitley Eves},
  url={https://books.google.com.br/books?id=B81gnTjNazMC},
  year={1995},
  publisher={Jones and Bartlett}
}


@Book{iezzi1993,
 author = {Iezzi, Gelson},
 title = {Fundamentos de matemática elementar, 3: rigonometria},
 publisher = {Atual},
 year = {2013},
 address = {São Paulo, Brasil},
 isbn = {978-8535716849}
 }

@Book{Lang1988,
 author = {Lang, Serge},
 title = {Geometry: a High School Course},
 publisher = {Springer New York},
 year = {1988},
 address = {Nova Iorque, Estados Unidos},
 }

@book{Larson2017,
author = {Ron Larson and Laurie Boswell and Timothy D. Kanold and Lee Stiff},
title = {Geometry},
edition = {10},
publisher = {McDougal Llttell},
year = {2017},
address = {Illinois, Estados Unidos}
}

@article{mansfield2017,
title = "Plimpton 322 is Babylonian exact sexagesimal trigonometry",
journal = "Historia Mathematica",
volume = "44",
number = "4",
pages = "395 - 419",
year = "2017",
author = "Daniel F. Mansfield and N.J. Wildberger",
}


@book{Sullivan2015,
	author = {Michael Sullivan},
	title = {Trigonometry: A Unit Circle Approach},
	year = {2015},
	publisher = {Pearson},
	addresss = {Londres, Reino Unido}
}

@Book{Ventura2002,
 author = {Araujo, Paulo},
 title = {Curso de geometria},
 publisher = {Gradiva},
 year = {2002},
 address = {Lisboa, Portugal},
  }